@article{femino1998visualization,
  title={Visualization of single RNA transcripts in situ},
  author={Femino, Andrea M and Fay, Fredric S and Fogarty, Kevin and Singer, Robert H},
  journal={Science},
  volume={280},
  number={5363},
  pages={585--590},
  year={1998},
  publisher={American Association for the Advancement of Science}
}


@article{raj2006stochastic,
  title={Stochastic mRNA synthesis in mammalian cells},
  author={Raj, Arjun and Peskin, Charles S and Tranchina, Daniel and Vargas, Diana Y and Tyagi, Sanjay},
  journal={PLoS biology},
  volume={4},
  number={10},
  pages={e309},
  year={2006},
  publisher={Public Library of Science}
}

@article{xu2013actin,
  title={Actin, spectrin, and associated proteins form a periodic cytoskeletal structure in axons},
  author={Xu, Ke and Zhong, Guisheng and Zhuang, Xiaowei},
  journal={Science},
  volume={339},
  number={6118},
  pages={452--456},
  year={2013},
  publisher={American Association for the Advancement of Science}
}

@misc{wiki:Fluorescence_in_situ_hybridization,
  author = "Wikipedia",
  title = "{Fluorescence in situ hybridization} --- {W}ikipedia{,} The Free Encyclopedia",
  year = "2019",
  howpublished = {\url{http://en.wikipedia.org/w/index.php?title=Fluorescence\%20in\%20situ\%20hybridization&oldid=892650336}},
  note = "[Online; accessed 24-April-2019]"
}

@article{lubeck2012single,
  title={Single-cell systems biology by super-resolution imaging and combinatorial labeling},
  author={Lubeck, Eric and Cai, Long},
  journal={Nature methods},
  volume={9},
  number={7},
  pages={743},
  year={2012},
  publisher={Nature Publishing Group}
}

@article{lubeck2014single,
  title={Single-cell in situ RNA profiling by sequential hybridization},
  author={Lubeck, Eric and Coskun, Ahmet F and Zhiyentayev, Timur and Ahmad, Mubhij and Cai, Long},
  journal={Nature methods},
  volume={11},
  number={4},
  pages={360},
  year={2014},
  publisher={Nature Publishing Group}
}

@article{shah2016situ,
  title={In situ transcription profiling of single cells reveals spatial organization of cells in the mouse hippocampus},
  author={Shah, Sheel and Lubeck, Eric and Zhou, Wen and Cai, Long},
  journal={Neuron},
  volume={92},
  number={2},
  pages={342--357},
  year={2016},
  publisher={Elsevier}
}
